<?xml version="1.0" encoding="UTF-8"?><collection xmlns="http://www.loc.gov/MARC21/slim"><record><leader>00479nam--2200157-i-4500</leader><controlfield tag="001">000014634</controlfield><controlfield tag="002">20161230</controlfield><controlfield tag="005">20170115222818</controlfield><controlfield tag="008">060222s1000------------r-----000-0-eng-d</controlfield><datafield ind1=" " ind2="1" tag="100"><subfield code="a">Chatelin, Francoise</subfield></datafield><datafield ind1="1" ind2="0" tag="245"><subfield code="a">Spectral approximation of linear operators</subfield></datafield><datafield ind1=" " ind2=" " tag="260"><subfield code="a">New York</subfield><subfield code="b">Academic Press</subfield><subfield code="c">1983</subfield></datafield><datafield ind1=" " ind2=" " tag="300"><subfield code="a">XIX+458 p</subfield></datafield><datafield ind1=" " ind2=" " tag="490"><subfield code="a">Computers Science And Applied Mathematics A Series Of Monography And Textbooks</subfield></datafield><datafield ind1=" " ind2=" " tag="852"><subfield code="a">71464</subfield><subfield code="c">517.9</subfield></datafield><datafield ind1=" " ind2=" " tag="CAT"><subfield code="a">SYS</subfield><subfield code="c">20170115</subfield><subfield code="h">222818</subfield></datafield></record></collection>